<?xml version="1.0" encoding="UTF-8"?><record xmlns="http://www.loc.gov/MARC21/slim" xmlns:cinclude="http://apache.org/cocoon/include/1.0" xmlns:zs="http://www.loc.gov/zing/srw/">
  <leader>00458nz  a2200133n  4500</leader>
  <controlfield tag="001">n  88675332 </controlfield>
  <controlfield tag="003">DLC</controlfield>
  <controlfield tag="005">19881118105113.2</controlfield>
  <controlfield tag="008">881117n| acannaab|          |a aaa ||| c</controlfield>
  <datafield tag="010" ind1=" " ind2=" ">
    <subfield code="a">n  88675332 </subfield>
  </datafield>
  <datafield tag="040" ind1=" " ind2=" ">
    <subfield code="a">ICU</subfield>
    <subfield code="c">ICU</subfield>
  </datafield>
  <datafield tag="100" ind1="1" ind2="0">
    <subfield code="a">Maĭboroda, A. V.</subfield>
    <subfield code="q">(Anatoliĭ Vasilʹevich)</subfield>
  </datafield>
  <datafield tag="400" ind1="1" ind2="0">
    <subfield code="a">Maĭboroda, Anatoliĭ Vasilʹevich</subfield>
  </datafield>
  <datafield tag="670" ind1=" " ind2=" ">
    <subfield code="a">Brytsyn, M. Porivni︠a︡lʹna hramatyka ... 1987:</subfield>
    <subfield code="b">t.p. (A.V. Maĭboroda) colophon (Anatoliĭ Vasilʹevich Maĭboroda)</subfield>
  </datafield>
</record>